<?xml version="1.0" encoding="UTF-8"?><collection xmlns="http://www.loc.gov/MARC21/slim"><record><leader>00440nam--2200157-i-4500</leader><controlfield tag="001">000029734</controlfield><controlfield tag="002">20161230</controlfield><controlfield tag="005">20170110234459</controlfield><controlfield tag="008">060222s1000------------r-----000-0-eng-d</controlfield><datafield ind1=" " ind2=" " tag="080"><subfield code="a">621.375.826(061.3)</subfield></datafield><datafield ind1=" " ind2=" " tag="245"><subfield code="a">Lasers and applications. Part. 1. The Third International School of Coherent Optics</subfield></datafield><datafield ind1=" " ind2=" " tag="260"><subfield code="a">Bucharest</subfield><subfield code="b">Cippress</subfield><subfield code="c">1983</subfield></datafield><datafield ind1=" " ind2=" " tag="300"><subfield code="a">1003 p</subfield></datafield><datafield ind1=" " ind2=" " tag="700"><subfield code="a">Prokhorov, A.M</subfield></datafield><datafield ind1=" " ind2=" " tag="852"><subfield code="a">71416</subfield></datafield><datafield ind1=" " ind2=" " tag="CAT"><subfield code="a">SYS</subfield><subfield code="c">20170110</subfield><subfield code="h">234459</subfield></datafield></record></collection>